@article{brooks1991,
  title={Intelligence without representation},
  author={Brooks, Rodney A},
  journal={Artificial intelligence},
  volume={47},
  number={1},
  pages={139--159},
  year={1991},
  publisher={Elsevier}
}
@online{EC2,
      author = {Amazon Web Services},
      title = {Amazon EC2},
      howpublished = {\url{http://aws.amazon.com/ec2/}},
      note = {Online; accessed 30-March-2015}
}

